1924 3138
142 131 211 184 92
519 138 997 181 TRANSLATJONS
1019 131 1206 179 FROAJ
1233 139 1522 179 MARTJAL

886 684 1039 732 VIII.
1078 698 1157 748 51.

283 856 409 922 Quis
443 859 584 909 labor
615 858 666 910 in
702 856 905 924 phiala?
938 858 1076 910 docti
1111 861 1276 925 Myos,
1309 872 1440 909 anne
1477 849 1753 925 Myronos?

350 991 597 1042 Mentoris
632 992 757 1042 haec
791 1006 968 1042 manus
1005 1000 1093 1054 est,
1131 1008 1210 1054 an,
1250 990 1510 1056 Polyclito,
1547 992 1674 1040 tua?

285 1126 499 1176 Livescit
533 1089 669 1183 nnlla
703 1124 912 1190 caligine
947 1126 1098 1188 fusca,
1137 1142 1233 1175 nec
1268 1123 1376 1176 odit

347 1255 685 1321 Exploratoris
719 1257 893 1306 nubila
928 1272 1091 1305 massa
1123 1254 1276 1306 focos

281 1389 413 1436 Vera
447 1386 611 1436 minus
644 1387 774 1436 flavo
807 1386 1002 1436 radiant
1037 1387 1220 1436 electra
1253 1386 1472 1446 metallo,

352 1519 417 1567 Et
452 1517 654 1567 niveum
687 1516 805 1567 felix
838 1518 1035 1581 pustula
1066 1515 1222 1566 vincit
1256 1516 1390 1566 ebur.

283 1649 527 1730 Materiae
561 1665 665 1699 non
700 1648 834 1699 cedit
868 1664 1028 1713 opus:
1064 1648 1135 1697 sie
1169 1647 1338 1712 alligat
1373 1649 1560 1710 orbem,

284 1834 287 1837 ,
353 1776 571 1828 Plurima
603 1794 719 1828 cum
752 1786 860 1828 tota
891 1777 1123 1841 lampade
1157 1777 1276 1825 luna
1310 1775 1447 1825 nitet.

285 1909 391 1959 Stat
425 1925 574 1972 caper
607 1904 786 1959 Aeolio
821 1907 1050 1959 Thebani
1083 1905 1261 1958 vellere
1297 1906 1462 1956 Phrixi

356 2003 562 2089 Cultus:
597 2038 660 2088 ab
694 2038 793 2087 hoc
827 2039 996 2088 mallet
1030 2045 1173 2087 vecta
1205 2030 1356 2086 fuiSse
1392 2052 1541 2087 soror.
1905 2035 1924 2093 ’ς

287 2171 443 2219 Hunc
476 2161 571 2220 nee
606 2169 883 2235 Cinyphius
917 2179 1090 2219 tonsor
1120 2168 1388 2232 violaverit,
1430 2177 1480 2219 et
1515 2178 1568 2218 tu

358 2300 477 2364 Ipse
509 2307 595 2350 tua
627 2298 768 2364 pasci
799 2299 915 2362 vite,
952 2301 1134 2365 Lyaee‚
1170 2298 1307 2349 veliS.

289 2433 450 2497 Terga
483 2430 665 2498 premit
695 2430 903 2498 pecudis
936 2429 1148 2496 geminis
1183 2432 1340 2481 Amor
1375 2447 1554 2482 aureus
1591 2430 1703 2482 alis:

357 2562 608 2614 Palladius
647 2572 820 2613 tenero
856 2564 986 2613 lotos
1024 2564 1088 2614 ab
1127 2580 1213 2614 ore
1251 2572 1410 2613 sonat.

291 2695 370 2745 Sic
409 2695 768 2759 Methymnaeo
807 2693 1001 2757 gavisus
1038 2692 1223 2743 Arione
1260 2694 1464 2758 delphin

265 2804 298 2875 Δ.
359 2826 618 2892 Languida
656 2842 760 2876 non
796 2825 1001 2876 taciturn
1039 2843 1126 2890 per
1162 2828 1285 2877 freta
1320 2825 1452 2877 vexit
1489 2843 1628 2876 onus.
