<?xml version="1.0" encoding="UTF-8"?>
<!DOCTYPE html PUBLIC "-//W3C//DTD XHTML 1.0 Transitional//EN"
    "http://www.w3.org/TR/xhtml1/DTD/xhtml1-transitional.dtd">
<html xmlns="http://www.w3.org/1999/xhtml" xml:lang="en" lang="en">
 <head>
  <title>
</title>
<meta http-equiv="Content-Type" content="text/html;charset=utf-8" />
  <meta name='ocr-system' content='tesseract 3.04.00' />
  <meta name='ocr-capabilities' content='ocr_page ocr_carea ocr_par ocr_line ocrx_word'/>
</head>
<body>
  <div class='ocr_page' id='page_1' title='image "./selectedepigrams00martrich_0144.png"; bbox 0 0 1924 3138; ppageno 0'>
   <div class='ocr_carea' id='block_1_1' title="bbox 519 91 1516 185">
    <p class='ocr_par' dir='ltr' id='par_1_1' title="bbox 519 91 1516 185">
     <span class='ocr_line' id='line_1_1' title="bbox 519 91 1516 185; baseline 0.005 -21"><span class='ocrx_word' id='word_1_1' title='bbox 519 91 797 165; x_wconf 62' lang='lat' dir='ltr'><strong>r&#39;mNSzA</strong></span> <span class='ocrx_word' id='word_1_2' title='bbox 808 124 993 165; x_wconf 79' lang='lat' dir='ltr'><em>TJONS</em></span> <span class='ocrx_word' id='word_1_3' title='bbox 1023 92 1203 166; x_wconf 64' lang='lat' dir='ltr'><strong>mom</strong></span> <span class='ocrx_word' id='word_1_4' title='bbox 1226 125 1516 185; x_wconf 71' lang='lat' dir='ltr'><em>MARTJAL</em></span> 
     </span>
    </p>
   </div>
   <div class='ocr_carea' id='block_1_2' title="bbox 924 420 1105 483">
    <p class='ocr_par' dir='ltr' id='par_1_2' title="bbox 924 420 1105 483">
     <span class='ocr_line' id='line_1_2' title="bbox 924 420 1105 483; baseline 0.011 -16"><span class='ocrx_word' id='word_1_5' title='bbox 924 420 987 468; x_wconf 93' lang='lat' dir='ltr'><strong>X.</strong></span> <span class='ocrx_word' id='word_1_6' title='bbox 1027 433 1105 483; x_wconf 85' lang='lat'><strong>35.</strong></span> 
     </span>
    </p>
   </div>
   <div class='ocr_carea' id='block_1_3' title="bbox 410 567 1417 854">
    <p class='ocr_par' dir='ltr' id='par_1_3' title="bbox 410 567 1417 854">
     <span class='ocr_line' id='line_1_3' title="bbox 411 567 1353 636; baseline 0.003 -16"><span class='ocrx_word' id='word_1_7' title='bbox 411 570 601 620; x_wconf 87' lang='lat' dir='ltr'>Omnes</span> <span class='ocrx_word' id='word_1_8' title='bbox 638 567 905 634; x_wconf 87' lang='lat' dir='ltr'>Sulpiciam</span> <span class='ocrx_word' id='word_1_9' title='bbox 940 571 1107 635; x_wconf 89' lang='lat' dir='ltr'><strong>legant</strong></span> <span class='ocrx_word' id='word_1_10' title='bbox 1143 573 1353 636; x_wconf 88' lang='lat' dir='ltr'><strong>puellae,</strong></span> 
     </span>
     <span class='ocr_line' id='line_1_4' title="bbox 410 675 1328 761; baseline 0.005 -33"><span class='ocrx_word' id='word_1_11' title='bbox 410 675 515 728; x_wconf 90' lang='lat' dir='ltr'><strong>Uni</strong></span> <span class='ocrx_word' id='word_1_12' title='bbox 550 693 678 761; x_wconf 80' lang='lat' dir='ltr'><strong>quae</strong></span> <span class='ocrx_word' id='word_1_13' title='bbox 714 677 922 742; x_wconf 89' lang='lat' dir='ltr'><strong>cupiunt</strong></span> <span class='ocrx_word' id='word_1_14' title='bbox 959 678 1064 729; x_wconf 88' lang='lat' dir='ltr'><strong>viro</strong></span> <span class='ocrx_word' id='word_1_15' title='bbox 1102 682 1328 745; x_wconf 77' lang='lat' dir='ltr'><strong>placere3</strong></span> 
     </span>
     <span class='ocr_line' id='line_1_5' title="bbox 411 787 1417 854; baseline 0.004 -16"><span class='ocrx_word' id='word_1_16' title='bbox 411 788 601 838; x_wconf 89' lang='lat' dir='ltr'><strong>Omnes</strong></span> <span class='ocrx_word' id='word_1_17' title='bbox 640 787 908 853; x_wconf 85' lang='lat' dir='ltr'>Sulpiciam</span> <span class='ocrx_word' id='word_1_18' title='bbox 944 790 1112 854; x_wconf 91' lang='lat' dir='ltr'><strong>legant</strong></span> <span class='ocrx_word' id='word_1_19' title='bbox 1147 789 1322 851; x_wconf 86' lang='lat' dir='ltr'><strong>mariti,</strong></span> <span class='ocrx_word' id='word_1_20' title='bbox 1415 830 1417 832; x_wconf 83' lang='lat'><em>-</em></span> 
     </span>
    </p>
   </div>
   <div class='ocr_carea' id='block_1_4' title="bbox 409 894 1351 963">
    <p class='ocr_par' dir='ltr' id='par_1_4' title="bbox 409 894 1351 963">
     <span class='ocr_line' id='line_1_6' title="bbox 409 894 1351 963; baseline 0.004 -18"><span class='ocrx_word' id='word_1_21' title='bbox 409 894 515 946; x_wconf 93' lang='lat' dir='ltr'><strong>Uni</strong></span> <span class='ocrx_word' id='word_1_22' title='bbox 551 894 637 961; x_wconf 90' lang='lat' dir='ltr'><strong>qui</strong></span> <span class='ocrx_word' id='word_1_23' title='bbox 670 896 881 961; x_wconf 91' lang='lat' dir='ltr'><strong>cupiunt</strong></span> <span class='ocrx_word' id='word_1_24' title='bbox 919 899 1114 961; x_wconf 91' lang='lat' dir='ltr'><strong>placere</strong></span> <span class='ocrx_word' id='word_1_25' title='bbox 1154 907 1351 963; x_wconf 85' lang='lat' dir='ltr'><strong>nuptae.</strong></span> 
     </span>
    </p>
   </div>
   <div class='ocr_carea' id='block_1_5' title="bbox 319 1003 1483 1069">
    <p class='ocr_par' dir='ltr' id='par_1_5' title="bbox 319 1003 1483 1069">
     <span class='ocr_line' id='line_1_7' title="bbox 319 1003 1483 1069; baseline 0.002 -16"><span class='ocrx_word' id='word_1_26' title='bbox 319 1018 326 1024; x_wconf 89' lang='lat'><em>·</em></span> <span class='ocrx_word' id='word_1_27' title='bbox 408 1005 527 1054; x_wconf 92' lang='lat' dir='ltr'><strong>Non</strong></span> <span class='ocrx_word' id='word_1_28' title='bbox 566 1005 690 1055; x_wconf 90' lang='lat' dir='ltr'><strong>haec</strong></span> <span class='ocrx_word' id='word_1_29' title='bbox 731 1003 1004 1056; x_wconf 88' lang='lat' dir='ltr'><strong>Colchidos</strong></span> <span class='ocrx_word' id='word_1_30' title='bbox 1044 1005 1217 1056; x_wconf 88' lang='lat' dir='ltr'><strong>asserit</strong></span> <span class='ocrx_word' id='word_1_31' title='bbox 1255 1007 1483 1069; x_wconf 88' lang='lat' dir='ltr'><strong>furorem,</strong></span> 
     </span>
    </p>
   </div>
   <div class='ocr_carea' id='block_1_6' title="bbox 399 1111 1564 2706">
    <p class='ocr_par' dir='ltr' id='par_1_6' title="bbox 406 1111 1394 1504">
     <span class='ocr_line' id='line_1_8' title="bbox 408 1111 1384 1178; baseline 0.004 -18"><span class='ocrx_word' id='word_1_32' title='bbox 408 1111 516 1161; x_wconf 89' lang='lat' dir='ltr'><strong>Diri</strong></span> <span class='ocrx_word' id='word_1_33' title='bbox 551 1111 759 1176; x_wconf 89' lang='lat' dir='ltr'><strong>prandia</strong></span> <span class='ocrx_word' id='word_1_34' title='bbox 797 1130 893 1163; x_wconf 93' lang='lat' dir='ltr'><strong>nec</strong></span> <span class='ocrx_word' id='word_1_35' title='bbox 927 1114 1072 1163; x_wconf 86' lang='lat' dir='ltr'><strong>refert</strong></span> <span class='ocrx_word' id='word_1_36' title='bbox 1107 1115 1353 1178; x_wconf 88' lang='lat' dir='ltr'><strong>Thyestae</strong></span> <span class='ocrx_word' id='word_1_37' title='bbox 1368 1133 1384 1177; x_wconf 90' lang='lat'>;</span> 
     </span>
     <span class='ocr_line' id='line_1_9' title="bbox 406 1220 1394 1286; baseline 0.003 -17"><span class='ocrx_word' id='word_1_38' title='bbox 406 1220 630 1284; x_wconf 86' lang='lat' dir='ltr'>Scyllam,</span> <span class='ocrx_word' id='word_1_39' title='bbox 670 1221 880 1286; x_wconf 85' lang='lat' dir='ltr'>Byblida</span> <span class='ocrx_word' id='word_1_40' title='bbox 914 1238 1009 1272; x_wconf 89' lang='lat' dir='ltr'><strong>nec</strong></span> <span class='ocrx_word' id='word_1_41' title='bbox 1042 1220 1190 1271; x_wconf 89' lang='lat' dir='ltr'><strong>fuisse</strong></span> <span class='ocrx_word' id='word_1_42' title='bbox 1226 1221 1394 1283; x_wconf 87' lang='lat' dir='ltr'><strong>credit,</strong></span> 
     </span>
     <span class='ocr_line' id='line_1_10' title="bbox 409 1329 1370 1394; baseline 0.002 -16"><span class='ocrx_word' id='word_1_43' title='bbox 409 1329 510 1378; x_wconf 89' lang='lat' dir='ltr'><strong>Sed</strong></span> <span class='ocrx_word' id='word_1_44' title='bbox 544 1338 706 1379; x_wconf 89' lang='lat' dir='ltr'><strong>castos</strong></span> <span class='ocrx_word' id='word_1_45' title='bbox 746 1330 894 1380; x_wconf 90' lang='lat' dir='ltr'><strong>docet</strong></span> <span class='ocrx_word' id='word_1_46' title='bbox 931 1338 980 1380; x_wconf 89' lang='lat' dir='ltr'><strong>et</strong></span> <span class='ocrx_word' id='word_1_47' title='bbox 1019 1329 1128 1394; x_wconf 89' lang='lat' dir='ltr'><strong>pios</strong></span> <span class='ocrx_word' id='word_1_48' title='bbox 1164 1346 1370 1392; x_wconf 81' lang='lat' dir='ltr'><strong>amoreS,</strong></span> 
     </span>
     <span class='ocr_line' id='line_1_11' title="bbox 407 1438 1172 1504; baseline 0.004 -17"><span class='ocrx_word' id='word_1_49' title='bbox 407 1440 580 1500; x_wconf 88' lang='lat' dir='ltr'>Lusus,</span> <span class='ocrx_word' id='word_1_50' title='bbox 622 1438 824 1489; x_wconf 90' lang='lat' dir='ltr'><strong>delicias</strong></span> <span class='ocrx_word' id='word_1_51' title='bbox 860 1439 1172 1504; x_wconf 88' lang='lat' dir='ltr'><strong>facetiasque.</strong></span> 
     </span>
    </p>

    <p class='ocr_par' dir='ltr' id='par_1_7' title="bbox 403 1523 1426 1938">
     <span class='ocr_line' id='line_1_12' title="bbox 405 1523 1426 1623; baseline 0.001 -27"><span class='ocrx_word' id='word_1_52' title='bbox 405 1544 559 1596; x_wconf 88' lang='lat' dir='ltr'><strong>Cuius</strong></span> <span class='ocrx_word' id='word_1_53' title='bbox 595 1546 814 1595; x_wconf 89' lang='lat' dir='ltr'><strong>carmina</strong></span> <span class='ocrx_word' id='word_1_54' title='bbox 832 1523 935 1611; x_wconf 37' lang='lat' dir='ltr'><strong>)qui</strong></span> <span class='ocrx_word' id='word_1_55' title='bbox 973 1548 1104 1597; x_wconf 85' lang='lat' dir='ltr'><strong>bene</strong></span> <span class='ocrx_word' id='word_1_56' title='bbox 1143 1546 1426 1623; x_wconf 61' lang='lat' dir='ltr'><strong>aestimarit,</strong></span> 
     </span>
     <span class='ocr_line' id='line_1_13' title="bbox 405 1629 1318 1719; baseline 0.002 -13"><span class='ocrx_word' id='word_1_57' title='bbox 405 1658 606 1706; x_wconf 90' lang='lat' dir='ltr'>Nullam</span> <span class='ocrx_word' id='word_1_58' title='bbox 645 1655 819 1707; x_wconf 85' lang='lat' dir='ltr'><strong>dixerit</strong></span> <span class='ocrx_word' id='word_1_59' title='bbox 855 1674 966 1708; x_wconf 89' lang='lat' dir='ltr'><strong>esse</strong></span> <span class='ocrx_word' id='word_1_60' title='bbox 1004 1629 1318 1719; x_wconf 54' lang='lat' dir='ltr'><strong>sanctiorem(</strong></span> 
     </span>
     <span class='ocr_line' id='line_1_14' title="bbox 404 1764 1298 1830; baseline 0.002 -16"><span class='ocrx_word' id='word_1_61' title='bbox 404 1766 606 1815; x_wconf 91' lang='lat' dir='ltr'>Nullam</span> <span class='ocrx_word' id='word_1_62' title='bbox 642 1764 817 1816; x_wconf 85' lang='lat' dir='ltr'><strong>dixerit</strong></span> <span class='ocrx_word' id='word_1_63' title='bbox 853 1783 962 1816; x_wconf 89' lang='lat' dir='ltr'><strong>esse</strong></span> <span class='ocrx_word' id='word_1_64' title='bbox 997 1766 1298 1830; x_wconf 87' lang='lat' dir='ltr'><strong>nequiorem.</strong></span> 
     </span>
     <span class='ocr_line' id='line_1_15' title="bbox 403 1871 1160 1938; baseline 0.004 -15"><span class='ocrx_word' id='word_1_65' title='bbox 403 1875 553 1924; x_wconf 90' lang='lat' dir='ltr'><strong>Tales</strong></span> <span class='ocrx_word' id='word_1_66' title='bbox 590 1872 797 1938; x_wconf 84' lang='lat' dir='ltr'><strong>Egeriae</strong></span> <span class='ocrx_word' id='word_1_67' title='bbox 834 1871 971 1925; x_wconf 89' lang='lat' dir='ltr'><strong>iocos</strong></span> <span class='ocrx_word' id='word_1_68' title='bbox 1010 1875 1160 1926; x_wconf 90' lang='lat' dir='ltr'><strong>fuisse</strong></span> 
     </span>
    </p>

    <p class='ocr_par' dir='ltr' id='par_1_8' title="bbox 399 1981 1564 2706">
     <span class='ocr_line' id='line_1_16' title="bbox 403 1981 1420 2037; baseline 0.003 -3"><span class='ocrx_word' id='word_1_69' title='bbox 403 1984 525 2034; x_wconf 91' lang='lat' dir='ltr'><strong>Udo</strong></span> <span class='ocrx_word' id='word_1_70' title='bbox 565 1981 857 2034; x_wconf 89' lang='lat' dir='ltr'><strong>crediderim</strong></span> <span class='ocrx_word' id='word_1_71' title='bbox 898 1987 1096 2036; x_wconf 87' lang='lat' dir='ltr'>Numae</span> <span class='ocrx_word' id='word_1_72' title='bbox 1133 1987 1225 2036; x_wconf 92' lang='lat' dir='ltr'><strong>sub</strong></span> <span class='ocrx_word' id='word_1_73' title='bbox 1265 1996 1420 2037; x_wconf 78' lang='lat' dir='ltr'><strong>antro,</strong></span> 
     </span>
     <span class='ocr_line' id='line_1_17' title="bbox 403 2092 1401 2162; baseline 0.005 -20"><span class='ocrx_word' id='word_1_74' title='bbox 403 2094 518 2143; x_wconf 92' lang='lat' dir='ltr'><strong>Hac</strong></span> <span class='ocrx_word' id='word_1_75' title='bbox 555 2092 895 2159; x_wconf 88' lang='lat' dir='ltr'><strong>condiscipula</strong></span> <span class='ocrx_word' id='word_1_76' title='bbox 927 2097 1006 2145; x_wconf 92' lang='lat' dir='ltr'><strong>vel</strong></span> <span class='ocrx_word' id='word_1_77' title='bbox 1042 2097 1135 2145; x_wconf 92' lang='lat' dir='ltr'><strong>hac</strong></span> <span class='ocrx_word' id='word_1_78' title='bbox 1171 2096 1401 2162; x_wconf 90' lang='lat' dir='ltr'><strong>magistra</strong></span> 
     </span>
     <span class='ocr_line' id='line_1_18' title="bbox 400 2204 1376 2273; baseline 0.005 -19"><span class='ocrx_word' id='word_1_79' title='bbox 400 2206 552 2256; x_wconf 84' lang='lat' dir='ltr'><strong>Esses</strong></span> <span class='ocrx_word' id='word_1_80' title='bbox 587 2204 783 2256; x_wconf 89' lang='lat' dir='ltr'><strong>doctior</strong></span> <span class='ocrx_word' id='word_1_81' title='bbox 817 2216 867 2257; x_wconf 92' lang='lat' dir='ltr'><strong>et</strong></span> <span class='ocrx_word' id='word_1_82' title='bbox 903 2206 1098 2271; x_wconf 90' lang='lat' dir='ltr'><strong>pudica,</strong></span> <span class='ocrx_word' id='word_1_83' title='bbox 1142 2209 1376 2273; x_wconf 85' lang='lat' dir='ltr'><strong>Sappho:</strong></span> 
     </span>
     <span class='ocr_line' id='line_1_19' title="bbox 400 2313 1383 2378; baseline 0.002 -16"><span class='ocrx_word' id='word_1_84' title='bbox 400 2313 500 2363; x_wconf 91' lang='lat' dir='ltr'><strong>Sed</strong></span> <span class='ocrx_word' id='word_1_85' title='bbox 535 2322 699 2363; x_wconf 89' lang='lat' dir='ltr'><strong>tecum</strong></span> <span class='ocrx_word' id='word_1_86' title='bbox 735 2313 916 2378; x_wconf 88' lang='lat' dir='ltr'><strong>pariter</strong></span> <span class='ocrx_word' id='word_1_87' title='bbox 952 2314 1193 2378; x_wconf 90' lang='lat' dir='ltr'><strong>simulque</strong></span> <span class='ocrx_word' id='word_1_88' title='bbox 1228 2314 1383 2364; x_wconf 91' lang='lat' dir='ltr'><strong>visam</strong></span> 
     </span>
     <span class='ocr_line' id='line_1_20' title="bbox 401 2425 1325 2490; baseline 0.002 -16"><span class='ocrx_word' id='word_1_89' title='bbox 401 2425 566 2474; x_wconf 89' lang='lat' dir='ltr'><strong>Durus</strong></span> <span class='ocrx_word' id='word_1_90' title='bbox 607 2425 876 2490; x_wconf 89' lang='lat' dir='ltr'><strong>Sulpiciam</strong></span> <span class='ocrx_word' id='word_1_91' title='bbox 916 2426 1091 2475; x_wconf 94' lang='lat' dir='ltr'><strong>Phaon</strong></span> <span class='ocrx_word' id='word_1_92' title='bbox 1127 2435 1325 2476; x_wconf 82' lang='lat' dir='ltr'><strong>amarat.</strong></span> 
     </span>
     <span class='ocr_line' id='line_1_21' title="bbox 399 2529 1564 2596; baseline 0 -17"><span class='ocrx_word' id='word_1_93' title='bbox 399 2532 625 2583; x_wconf 86' lang='lat' dir='ltr'><strong>Frustra:</strong></span> <span class='ocrx_word' id='word_1_94' title='bbox 666 2547 883 2596; x_wconf 88' lang='lat' dir='ltr'><strong>namque</strong></span> <span class='ocrx_word' id='word_1_95' title='bbox 924 2548 984 2582; x_wconf 89' lang='lat' dir='ltr'><strong>ea</strong></span> <span class='ocrx_word' id='word_1_96' title='bbox 1019 2548 1114 2581; x_wconf 91' lang='lat' dir='ltr'><strong>nec</strong></span> <span class='ocrx_word' id='word_1_97' title='bbox 1152 2529 1395 2582; x_wconf 90' lang='lat' dir='ltr'><strong>Tonantis</strong></span> <span class='ocrx_word' id='word_1_98' title='bbox 1430 2547 1564 2591; x_wconf 89' lang='lat' dir='ltr'><strong>uxor,</strong></span> 
     </span>
     <span class='ocr_line' id='line_1_22' title="bbox 399 2639 1372 2706; baseline 0.004 -18"><span class='ocrx_word' id='word_1_99' title='bbox 399 2640 449 2687; x_wconf 94' lang='lat' dir='ltr'>N</span> <span class='ocrx_word' id='word_1_100' title='bbox 453 2655 511 2689; x_wconf 90' lang='lat' dir='ltr'><strong>ec</strong></span> <span class='ocrx_word' id='word_1_101' title='bbox 548 2640 747 2700; x_wconf 91' lang='lat' dir='ltr'><strong>Bacchi,</strong></span> <span class='ocrx_word' id='word_1_102' title='bbox 788 2658 884 2692; x_wconf 90' lang='lat' dir='ltr'><strong>nec</strong></span> <span class='ocrx_word' id='word_1_103' title='bbox 920 2639 1167 2706; x_wconf 88' lang='lat' dir='ltr'><strong>Apollinis</strong></span> <span class='ocrx_word' id='word_1_104' title='bbox 1208 2642 1372 2706; x_wconf 89' lang='lat' dir='ltr'><strong>puella</strong></span> 
     </span>
    </p>
   </div>
   <div class='ocr_carea' id='block_1_7' title="bbox 400 2748 1184 2813">
    <p class='ocr_par' dir='ltr' id='par_1_9' title="bbox 400 2748 1184 2813">
     <span class='ocr_line' id='line_1_23' title="bbox 400 2748 1184 2813; baseline 0.006 -17"><span class='ocrx_word' id='word_1_105' title='bbox 400 2749 588 2813; x_wconf 91' lang='lat' dir='ltr'><strong>Erepto</strong></span> <span class='ocrx_word' id='word_1_106' title='bbox 628 2748 722 2800; x_wconf 90' lang='lat' dir='ltr'><strong>sibi</strong></span> <span class='ocrx_word' id='word_1_107' title='bbox 756 2749 940 2801; x_wconf 87' lang='lat' dir='ltr'><strong>viveret</strong></span> <span class='ocrx_word' id='word_1_108' title='bbox 981 2752 1184 2803; x_wconf 88' lang='lat' dir='ltr'><strong>Caleno.</strong></span> 
     </span>
    </p>
   </div>
   <div class='ocr_carea' id='block_1_8' title="bbox 1642 0 1924 660">
    <p class='ocr_par' dir='ltr' id='par_1_10' title="bbox 1642 0 1924 660">
     <span class='ocr_line' id='line_1_24' title="bbox 1642 0 1924 660; baseline 0 2478"><span class='ocrx_word' id='word_1_109' title='bbox 1642 0 1924 660; x_wconf 95' lang='lat' dir='ltr'><strong> </strong></span> 
     </span>
    </p>
   </div>
   <div class='ocr_carea' id='block_1_9' title="bbox 1898 3068 1924 3138">
    <p class='ocr_par' dir='ltr' id='par_1_11' title="bbox 1898 3068 1924 3138">
     <span class='ocr_line' id='line_1_25' title="bbox 1898 3068 1924 3138; baseline 0 0"><span class='ocrx_word' id='word_1_110' title='bbox 1898 3068 1924 3138; x_wconf 95' lang='lat' dir='ltr'><strong> </strong></span> 
     </span>
    </p>
   </div>
  </div>
 </body>
</html>
